<record><leader>00000cas a2200000 a 4500</leader><controlfield tag="001">32769881</controlfield><controlfield tag="007">hd bfu---baat</controlfield><controlfield tag="007">hd afu---bact</controlfield><controlfield tag="008">950706d18911945nbuwr nea     0    0eng d</controlfield><datafield ind1=" " ind2=" " tag="010"><subfield code="a">sn 95069984 </subfield></datafield><datafield ind1=" " ind2=" " tag="040"><subfield code="a">NVG</subfield><subfield code="b">eng</subfield><subfield code="c">NVG</subfield><subfield code="d">OCL</subfield><subfield code="d">OCLCQ</subfield><subfield code="d">OCLCF</subfield><subfield code="d">OCLCO</subfield></datafield><datafield ind1="1" ind2=" " tag="029"><subfield code="a">AU@</subfield><subfield code="b">000011783012</subfield></datafield><datafield ind1="1" ind2=" " tag="041"><subfield code="a">eng</subfield><subfield code="h">ger</subfield></datafield><datafield ind1=" " ind2=" " tag="042"><subfield code="a">msc</subfield></datafield><datafield ind1=" " ind2=" " tag="043"><subfield code="a">n-us-nb</subfield></datafield><datafield ind1="0" ind2=" " tag="130"><subfield code="a">Sterling sun (Sterling, Neb. : 1892)</subfield></datafield><datafield ind1="1" ind2="4" tag="245"><subfield code="a">The Sterling sun</subfield><subfield code="h">[microform].</subfield></datafield><datafield ind1="1" ind2=" " tag="246"><subfield code="i">Publisher's box title:</subfield><subfield code="a">Sterling press-sun</subfield><subfield code="f">&lt;June 10-Sept. 23, 1892&gt;</subfield></datafield><datafield ind1="1" ind2="7" tag="246"><subfield code="a">Sterling semi-weekly sun,</subfield><subfield code="f">May 26, 1899-Mar. 23, 1909</subfield></datafield><datafield ind1=" " ind2=" " tag="260"><subfield code="a">Sterling, Neb. :</subfield><subfield code="b">L.A. Varner,</subfield><subfield code="c">-1945.</subfield></datafield><datafield ind1=" " ind2=" " tag="300"><subfield code="a">v.</subfield></datafield><datafield ind1=" " ind2=" " tag="310"><subfield code="a">Weekly,</subfield><subfield code="b">Dec. 29, 1910-Oct. 11, 1945</subfield></datafield><datafield ind1=" " ind2=" " tag="321"><subfield code="a">Weekly,</subfield><subfield code="b">&lt;June 10-Sept. 23, 1892&gt;</subfield></datafield><datafield ind1=" " ind2=" " tag="321"><subfield code="a">Semiweekly,</subfield><subfield code="b">&lt;Apr. 23, 1895&gt;-June 18, 1909</subfield></datafield><datafield ind1=" " ind2=" " tag="321"><subfield code="a">Weekly,</subfield><subfield code="b">June 25, 1909-Dec. 3, 1909</subfield></datafield><datafield ind1=" " ind2=" " tag="321"><subfield code="a">Semiweekly,</subfield><subfield code="b">Dec. 7, 1909-Dec. 20, 1910</subfield></datafield><datafield ind1="0" ind2=" " tag="362"><subfield code="a">Vol. 5, no. 49 (July 24, 1891)-v. 60, no. 17 (Oct. 11, 1945).</subfield></datafield><datafield ind1=" " ind2=" " tag="546"><subfield code="a">Issues for 189 -&lt;Sept. 23, 1892&gt; chiefly in English, with some German.</subfield></datafield><datafield ind1=" " ind2=" " tag="533"><subfield code="a">Microfilm.</subfield><subfield code="m">1892,1895-1945:[Gaps]</subfield><subfield code="b">Lincoln, Neb. :</subfield><subfield code="c">Nebraska State Historical Society,</subfield><subfield code="d">[1965].</subfield><subfield code="e">23 microfilm reels ; 35 mm.</subfield></datafield><datafield ind1=" " ind2="0" tag="651"><subfield code="a">Sterling (Neb.)</subfield><subfield code="v">Newspapers.</subfield></datafield><datafield ind1=" " ind2="7" tag="655"><subfield code="a">Newspapers.</subfield><subfield code="2">fast</subfield><subfield code="0">(OCoLC)fst01423814</subfield></datafield><datafield ind1=" " ind2="7" tag="651"><subfield code="a">Nebraska</subfield><subfield code="z">Sterling.</subfield><subfield code="2">fast</subfield><subfield code="0">(OCoLC)fst01276254</subfield></datafield><datafield ind1=" " ind2=" " tag="752"><subfield code="a">United States</subfield><subfield code="b">Nebraska</subfield><subfield code="c">Johnson</subfield><subfield code="d">Sterling.</subfield></datafield><datafield ind1="0" ind2="0" tag="780"><subfield code="t">Press-sun</subfield><subfield code="w">(DLC)sn 95069983</subfield></datafield><datafield ind1="0" ind2="4" tag="785"><subfield code="t">Johnson County courier (Sterling, Neb. : 1945)</subfield><subfield code="w">(DLC)sn 95069987</subfield></datafield></record>